% This file was created with Citavi 6.11.0.0

@online{Ego.2007,
 author = {Ego, Beate},
 year = {2007},
 title = {Jerusalem, himmlisches (AT)},
 url = {https://www.bibelwissenschaft.de/stichwort/22392/},
 urldate = {2020-01-29}
}


@book{Gnilka.1978,
 author = {Gnilka, Joachim},
 year = {1978},
 title = {Das Evangelium nach Markus},
 price = {(Neukirchener Verl.) kart., DM 56.00, DM 46.80, Subskr.-Pr},
 address = {Solothurn and D{\"u}sseldorf},
 edition = {4},
 volume = {II/1},
 publisher = {{Benziger Verlag} and {Neukirchener Verlag}},
 isbn = {3788705760},
 series = {EKK},
 shorttitle = {Markus}
}

